@article{pedro_neto_beyond_2022,
  title   = {Beyond {Masks}: {On} the {Generalization} of {Masked} {Face} {Recognition} {Models} to {Occluded} {Face} {Recognition}},
  volume  = {10},
  doi     = {10.1109/ACCESS.2022.3199014},
  journal = {IEEE Access},
  author  = {Pedro Neto, Pedro C. and Pinto, Joao Ribeiro and Boutros, Fadi and Damer, Naser and Sequeira, Ana F. and Cardoso, Jaime S.},
  year    = {2022},
  pages   = {86222--86233}
}

@article{fu_dvg-face_2022,
  title   = {{DVG}-{Face}: {Dual} {Variational} {Generation} for {Heterogeneous} {Face} {Recognition}},
  volume  = {44},
  doi     = {10.1109/TPAMI.2021.3052549},
  number  = {6},
  journal = {IEEE Transactions on Pattern Analysis and Machine Intelligence},
  author  = {Fu, Chaoyou and Wu, Xiang and Hu, Yibo and Huang, Huaibo and He, Ran},
  year    = {2022},
  pages   = {2938--2952}
}

@article{alansari_ghostfacenets_2023,
  title   = {{GhostFaceNets}: {Lightweight} {Face} {Recognition} {Model} {From} {Cheap} {Operations}},
  volume  = {11},
  doi     = {10.1109/ACCESS.2023.3266068},
  journal = {IEEE Access},
  author  = {Alansari, Mohamad and Hay, Oussama Abdul and Javed, Sajid and Shoufan, Abdulhadi and Zweiri, Yahya and Werghi, Naoufel},
  year    = {2023},
  pages   = {35429--35446}
}

@article{zhao_towards_2022,
  title   = {Towards {Age}-{Invariant} {Face} {Recognition}},
  volume  = {44},
  doi     = {10.1109/TPAMI.2020.3011426},
  number  = {1},
  journal = {IEEE Transactions on Pattern Analysis and Machine Intelligence},
  author  = {Zhao, Jian and Yan, Shuicheng and Feng, Jiashi},
  year    = {2022},
  pages   = {474--487}
}

@article{wang_masked_2023,
  title   = {Masked {Face} {Recognition} {Dataset} and {Application}},
  volume  = {5},
  doi     = {10.1109/TBIOM.2023.3242085},
  number  = {02-04-2023},
  journal = {IEEE},
  author  = {Wang, Zhongyuan and Haung, Baojin and Wang, Guangcheng and Yi, Peng and Jiang, Kui},
  year    = {2023},
  pages   = {298 -- 304}
}

@article{du_towards_2021,
  title   = {Towards {NIR}-{VIS} ({Near}-infrared to visible) {Masked} {Face} {Recognition}},
  volume  = {28},
  doi     = {10.1109/LSP.2021.3071663},
  journal = {IEEE Signal Processing Letters},
  author  = {Du, Hang and Shi, Hailin and Liu, Yinglu and Zeng, Dan and Mei, Tao},
  year    = {2021},
  pages   = {768--772}
}

@article{zhao_consistent_2022,
  title   = {Consistent {Sub}-{Decision} {Network} for {Low}-{Quality} {Masked} {Face} {Recognition}},
  volume  = {29},
  doi     = {10.1109/LSP.2022.3170246},
  journal = {IEEE Signal Processing Letters},
  author  = {Zhao, Weisong and Zhu, Xiangyu and Shi, Haichao and Zhang, Xiao-Yu and Lei, Zhen},
  year    = {2022},
  pages   = {1147--1151}
}

@article{yang_heterogeneous_2022,
  title   = {Heterogeneous {Face} {Recognition} via {Face} {Synthesis} {With} {Identity}-{Attribute} {Disentanglement}},
  volume  = {17},
  doi     = {10.1109/TIFS.2022.3160595},
  journal = {IEEE Transactions on Information Forensics and Security},
  author  = {Yang, Ziming and Liang, Jian and Fu, Chaoyou and Luo, Mandi and Zhang, Xiao-Yu},
  year    = {2022},
  pages   = {1344--1358}
}

@article{liu_heterogeneous_2022,
  title   = {Heterogeneous {Face} {Interpretable} {Disentangled} {Representation} for {Joint} {Face} {Recognition} and {Synthesis}},
  volume  = {33},
  doi     = {10.1109/TNNLS.2021.3071119},
  number  = {10},
  journal = {IEEE Transactions on Neural Networks and Learning Systems},
  author  = {Liu, Decheng and Gao, Xinbo and Peng, Chunlei and Wang, Nannan and Li, Jie},
  year    = {2022},
  pages   = {5611--5625}
}

@article{zhu_webface260m_2023,
  title   = {{WebFace260M}: {A} {Benchmark} for {Million}-{Scale} {Deep} {Face} {Recognition}},
  volume  = {45},
  doi     = {10.1109/TPAMI.2022.3169734},
  number  = {2},
  journal = {IEEE Transactions on Pattern Analysis and Machine Intelligence},
  author  = {Zhu, Zheng and Huang, Guan and Deng, Jiankang and Ye, Yun and Huang, Junjie and Chen, Xinze and Zhu, Jiagang and Yang, Tian and Du, Dalong and Lu, Jiwen and Zhou, Jie},
  year    = {2023},
  pages   = {2627--2644}
}

@article{kim_facial_2023,
  title   = {Facial {Expression} {Recognition} in the {Wild} {Using} {Face} {Graph} and {Attention}},
  volume  = {11},
  doi     = {10.1109/ACCESS.2023.3286547},
  journal = {IEEE Access},
  author  = {Kim, Hyeongjin and Lee, Jong-Ha and Ko, Byoung Chul},
  year    = {2023},
  pages   = {59774--59787}
}

@article{kim_surveillance_2023,
  title   = {Surveillance {System} for {Real}-{Time} {High}-{Precision} {Recognition} of {Criminal} {Faces} {From} {Wild} {Videos}},
  volume  = {11},
  doi     = {10.1109/ACCESS.2023.3282451},
  journal = {IEEE Access},
  author  = {Kim, Hyun-Bin and Choi, Nakhoon and Kwon, Hye-Jeong and Kim, Heeyoul},
  year    = {2023},
  pages   = {56066--56082}
}

@article{yang_face_2020,
  title   = {Face {Recognition} {Attendance} {System} {Based} on {Real}-{Time} {Video} {Processing}},
  volume  = {8},
  doi     = {10.1109/ACCESS.2020.3007205},
  journal = {IEEE Access},
  author  = {Yang, Hao and Han, Xiaofeng},
  year    = {2020},
  pages   = {159143--159150}
}

@article{luevano_study_2021,
  title   = {A {Study} on the {Performance} of {Unconstrained} {Very} {Low} {Resolution} {Face} {Recognition}: {Analyzing} {Current} {Trends} and {New} {Research} {Directions}},
  volume  = {9},
  doi     = {10.1109/ACCESS.2021.3080712},
  journal = {IEEE Access},
  author  = {Luevano, Luis S. and Chang, Leonardo and Heydi Mendez-Vazquez, Heydi and Martinez-Diaz, Yoanna and Gonzalez-Mendoza, Miguel},
  year    = {2021},
  pages   = {75470--75493}
}

@article{nguyen_master_2022,
  title   = {Master {Face} {Attacks} on {Face} {Recognition} {Systems}},
  volume  = {4},
  doi     = {10.1109/TBIOM.2022.3166206},
  number  = {3},
  journal = {IEEE Transactions on Biometrics, Behavior, and Identity Science},
  author  = {Nguyen, Huy H. and Marcel, Sebastien and Yamagishi, Junichi and Echizen, Isao},
  year    = {2022},
  pages   = {398--411}
}

@article{wanyonyi_open-source_2022,
  title   = {Open-{Source} {Face} {Recognition} {Frameworks}: {A} {Review} of the {Landscape}},
  volume  = {10},
  doi     = {10.1109/ACCESS.2022.3170037},
  journal = {IEEE Access},
  author  = {Wanyonyi, David and Celik, Turgay},
  year    = {2022},
  pages   = {50601--50623}
}

@article{kim_face_2022,
  title   = {Face {Shape}-{Guided} {Deep} {Feature} {Alignment} for {Face} {Recognition} {Robust} to {Face} {Misalignment}},
  volume  = {4},
  doi     = {10.1109/TBIOM.2022.3213845},
  number  = {4},
  journal = {IEEE Transactions on Biometrics, Behavior, and Identity Science},
  author  = {Kim, Hyung-Il and Yun, Kimin and Ro, Yong Man},
  year    = {2022},
  pages   = {556--569}
}

@article{terhorst_pixel-level_2023,
  title   = {Pixel-{Level} {Face} {Image} {Quality} {Assessment} for {Explainable} {Face} {Recognition}},
  volume  = {5},
  doi     = {10.1109/TBIOM.2023.3263186},
  number  = {2},
  journal = {IEEE Transactions on Biometrics, Behavior, and Identity Science},
  author  = {Terh√∂rst, Philipp and Huber, Marco and Damer, Naser and Kirchbuchner, Florian and Raja, Kiran and Kuijper, Arjan},
  year    = {2023},
  pages   = {288--297}
}

@article{ullah_real-time_2022,
  title    = {A {Real}-{Time} {Framework} for {Human} {Face} {Detection} and {Recognition} in {CCTV} {Images}},
  volume   = {2022},
  doi      = {10.1155/2022/3276704},
  language = {en},
  journal  = {Mathematical Problems in Engineering},
  author   = {Ullah, Rehmat and Hayat, Hassan and Siddiqui, Afsah Abid and Siddiqui, Uzma Abid and Khan, Jebran and Ullah, Farman and Hassan, Shoaib and Hasan, Laiq and Albattah, Waleed and Islam, Muhammad and Karami, Ghulam Mohammad},
  editor   = {Ali, Nouman},
  year     = {2022},
  pages    = {1--12}
}

@article{kim_system_2015,
  title    = {System {Architecture} for {Real}-{Time} {Face} {Detection} on {Analog} {Video} {Camera}},
  volume   = {11},
  doi      = {10.1155/2015/251386},
  language = {en},
  number   = {5},
  journal  = {International Journal of Distributed Sensor Networks},
  author   = {Kim, Mooseop and Lee, Deokgyu and Kim, Ki-Young},
  year     = {2015},
  pages    = {251386}
}


@inproceedings{wang_yolov5s-face_2022,
  address   = {Xiamen, China},
  title     = {{YOLOV5s}-{Face} face detection algorithm},
  doi       = {10.1109/CAC57257.2022.10054674},
  booktitle = {2022 {China} {Automation} {Congress} ({CAC})},
  publisher = {IEEE},
  author    = {Wang, Yongwang and Pan, Lian},
  year      = {2022},
  pages     = {1107--1112}
}

@inproceedings{sumanto_viola-jones_2022,
  address   = {Yogyakarta, Indonesia},
  title     = {Viola-{Jones} {Algorithm} for {Face} {Detection} using {Wider} {Face} {Dataset}},
  doi       = {10.1109/CITSM56380.2022.9935830},
  booktitle = {2022 10th {International} {Conference} on {Cyber} and {IT} {Service} {Management} ({CITSM})},
  publisher = {IEEE},
  author    = {{Sumanto} and Wijonarko, Bambang and Qommarudin, Muhammad and Sudibyo, Aji and Widodo, Pudji and Lukman, Afit Muhammad},
  year      = {2022},
  pages     = {1--4}
}

@inproceedings{chan_face_2022,
  address   = {Miri Sarawak, Malaysia},
  title     = {Face {Detection} in {Still} {Image} using {SSD} {MobileNet} {V2} and {Geometrical} {Algorithm}},
  doi       = {10.1109/GECOST55694.2022.10010635},
  booktitle = {2022 {International} {Conference} on {Green} {Energy}, {Computing} and {Sustainable} {Technology} ({GECOST})},
  publisher = {IEEE},
  author    = {Chan, Aifian Adi Sufian and Abdullah, M.F.L and Mustam, Saizalmursidi Md and Poad, Farhana Ahman and Joret, Ariffuddin},
  year      = {2022},
  pages     = {227--231}
}

@inproceedings{rani_face_2022,
  address   = {Greater Noida, India},
  title     = {Face {Detection}: {A} review},
  doi       = {10.1109/ICAC3N56670.2022.10074316},
  booktitle = {2022 4th {International} {Conference} on {Advances} in {Computing}, {Communication} {Control} and {Networking} ({ICAC3N})},
  publisher = {IEEE},
  author    = {Rani, Shikha and Jeba Das, Dr. G},
  year      = {2022},
  pages     = {2330--2334}
}

@article{ming_group_2022,
  title   = {Group {Sampling} for {Scale} {Invariant} {Face} {Detection}},
  volume  = {44},
  doi     = {10.1109/TPAMI.2020.3012414},
  number  = {2},
  journal = {IEEE Transactions on Pattern Analysis and Machine Intelligence},
  author  = {Ming, Xiang and Wei, Fangyun and Zhang, Ting and Chen, Dong and Zheng, Nanning and Wen, Fang},
  year    = {2022},
  pages   = {985--1001}
}

@article{farooq_hybrid_2021,
  title   = {A {Hybrid} {Algorithm} for {Face} {Detection} to {Avoid} {Racial} {Inequity} {Due} to {Dark} {Skin}},
  volume  = {9},
  doi     = {10.1109/ACCESS.2021.3122870},
  journal = {IEEE Access},
  author  = {Farooq, Muhammad Shoaib and Abbas, Syed Sarmad and Abid, Adnan and Rasheed, Saim},
  year    = {2021},
  pages   = {145109--145114}
}

@article{qi_real-time_2023,
  title   = {A {Real}-{Time} {Face} {Detection} {Method} {Based} on {Blink} {Detection}},
  volume  = {11},
  doi     = {10.1109/ACCESS.2023.3257986},
  journal = {IEEE Access},
  author  = {Qi, Hui and Wu, Chenxu and Shi, Ying and Qi, Xiaobo and Duan, Kaige and Wang, Xiaobin},
  year    = {2023},
  pages   = {28180--28189}
}

@article{bisogni_pifs_2022,
  title   = {{PIFS} {Scheme} for {HEad} {Pose} {Estimation} {Aimed} at {Faster} {Face} {Recognition}},
  volume  = {4},
  doi     = {10.1109/TBIOM.2021.3122307},
  number  = {2},
  journal = {IEEE Transactions on Biometrics, Behavior, and Identity Science},
  author  = {Bisogni, Carmen and Nappi, Michele and Pero, Chiara and Ricciardi, Stefano},
  year    = {2022},
  pages   = {173--184}
}

@article{alqahtani_3d_2020,
  title   = {{3D} {Face} {Tracking} {Using} {Stereo} {Cameras}: {A} {Review}},
  volume  = {8},
  doi     = {10.1109/ACCESS.2020.2994283},
  journal = {IEEE Access},
  author  = {Alqahtani, Faleh and Banks, Jasmine and Chandran, Vinod and Zhang, Jinglan},
  year    = {2020},
  pages   = {94373--94393}
}

@article{barquero_rank-based_2021,
  title   = {Rank-{Based} {Verification} for {Long}-{Term} {Face} {Tracking} in {Crowded} {Scenes}},
  volume  = {3},
  doi     = {10.1109/TBIOM.2021.3099568},
  number  = {4},
  journal = {IEEE Transactions on Biometrics, Behavior, and Identity Science},
  author  = {Barquero, German and Hupont, Isabelle and Fernandez Tena, Carles},
  year    = {2021},
  pages   = {495--505}
}

@article{ren_cross-camera_2021,
  title   = {A {Cross}-{Camera} {Multi}-{Face} {Tracking} {System} {Based} on {Double} {Triplet} {Networks}},
  volume  = {9},
  doi     = {10.1109/ACCESS.2021.3061572},
  journal = {IEEE Access},
  author  = {Ren, Guoyin and Lu, Xiaoqi and Li, Yuhao},
  year    = {2021},
  pages   = {43759--43774}
}

@article{kang_real-time_2021,
  title   = {Real-{Time} {Eye} {Tracking} for {Bare} and {Sunglasses}-{Wearing} {Faces} for {Augmented} {Reality} {3D} {Head}-{Up} {Displays}},
  volume  = {9},
  doi     = {10.1109/ACCESS.2021.3110644},
  journal = {IEEE Access},
  author  = {Kang, Dongwoo and Ma, Lin},
  year    = {2021},
  pages   = {125508--125522}
}

@article{weng_online_2023,
  title   = {Online {Multi}-{Face} {Tracking} {With} {Multi}-{Modality} {Cascaded} {Matching}},
  volume  = {33},
  doi     = {10.1109/TCSVT.2022.3224699},
  number  = {6},
  journal = {IEEE Transactions on Circuits and Systems for Video Technology},
  author  = {Weng, Zhenyu and Zhuang, Huiping and Li, Haizhou and Ramalingam, Balakrishnan and Mohan, Rajesh Elara and Lin, Zhiping},
  year    = {2023},
  pages   = {2738--2752}
}

@article{putro_high_2021,
  title   = {High {Performance} and {Efficient} {Real}-{Time} {Face} {Detector} on {Central} {Processing} {Unit} {Based} on {Convolutional} {Neural} {Network}},
  volume  = {17},
  doi     = {10.1109/TII.2020.3022501},
  number  = {7},
  journal = {IEEE Transactions on Industrial Informatics},
  author  = {Putro, Muhamad Dwisnanto and Kurnianggoro, Laksono and Jo, Kang-Hyun},
  year    = {2021},
  pages   = {4449--4457}
}

@article{chen_appearance_2021,
  title   = {Appearance {Guidance} {Attention} for {Multi}-{Object} {Tracking}},
  volume  = {9},
  doi     = {10.1109/ACCESS.2021.3087168},
  journal = {IEEE Access},
  author  = {Chen, Yong and Huang, Junjie and Liu, Huanlin and Huang, Meiyong and Zou, Zhibo},
  year    = {2021},
  pages   = {103184--103193}
}

@article{lou_real-time_2021,
  title   = {Real-{Time} {3D} {Facial} {Tracking} via {Cascaded} {Compositional} {Learning}},
  volume  = {30},
  doi     = {10.1109/TIP.2021.3065819},
  journal = {IEEE Transactions on Image Processing},
  author  = {Lou, Jianwen and Cai, Xiaoxu and Dong, Junyu and Yu, Hui},
  year    = {2021},
  pages   = {3844--3857}
}

@article{feng_detect_2022,
  title   = {Detect {Faces} {Efficiently}: {A} {Survey} and {Evaluations}},
  volume  = {4},
  doi     = {10.1109/TBIOM.2021.3120412},
  number  = {1},
  journal = {IEEE Transactions on Biometrics, Behavior, and Identity Science},
  author  = {Feng, Yuantao and Yu, Shiqi and Peng, Hanyang and Li, Yan-Ran and Zhang, Jianguo},
  year    = {2022},
  pages   = {1--18}
}

@article{leblond-menard_non-intrusive_2023,
  title   = {Non-{Intrusive} {Real} {Time} {Eye} {Tracking} {Using} {Facial} {Alignment} for {Assistive} {Technologies}},
  volume  = {31},
  doi     = {10.1109/TNSRE.2023.3236886},
  journal = {IEEE Transactions on Neural Systems and Rehabilitation Engineering},
  author  = {Leblond-Menard, C. and Achiche, S.},
  year    = {2023},
  pages   = {954--961}
}

@article{wang_online_2022,
  title   = {An {Online} {Multiobject} {Tracking} {Network} for {Autonomous} {Driving} in {Areas} {Facing} {Epidemic}},
  volume  = {23},
  doi     = {10.1109/TITS.2022.3195183},
  number  = {12},
  journal = {IEEE Transactions on Intelligent Transportation Systems},
  author  = {Wang, Mianzhao and Shi, Fan and Zhao, Meng and Jia, Chen and Tian, Weiwei and He, Tian and Fu, Yu and Cheng, Xu},
  year    = {2022},
  pages   = {25191--25200}
}

@article{sharma_video_2020,
  title   = {Video {Face} {Clustering} {With} {Self}-{Supervised} {Representation} {Learning}},
  volume  = {2},
  doi     = {10.1109/TBIOM.2019.2947264},
  number  = {2},
  journal = {IEEE Transactions on Biometrics, Behavior, and Identity Science},
  author  = {Sharma, Vivek and Tapaswi, Makarand and Sarfraz, M. Saquib and Stiefelhagen, Rainer},
  year    = {2020},
  pages   = {145--157}
}

@article{ondrasovic_siamese_2021,
  title   = {Siamese {Visual} {Object} {Tracking}: {A} {Survey}},
  volume  = {9},
  doi     = {10.1109/ACCESS.2021.3101988},
  journal = {IEEE Access},
  author  = {Ondrasovic, Milan and Tarabek, Peter},
  year    = {2021},
  pages   = {110149--110172}
}

@inproceedings{viet_simultaneous_2021,
  address   = {Bangkok, Thailand},
  title     = {Simultaneous face detection and 360 degree head pose estimation},
  doi       = {10.1109/KSE53942.2021.9648838},
  booktitle = {2021 13th {International} {Conference} on {Knowledge} and {Systems} {Engineering} ({KSE})},
  publisher = {IEEE},
  author    = {Viet, Hoang Nguyen and Viet, Linh Nguyen and Dinh, Tuan Nguyen and Minh, Duc Tran and Quac, Long Tran},
  year      = {2021},
  pages     = {1--7}
}

@article{luo_memory-modulated_2022,
  title   = {Memory-{Modulated} {Transformer} {Network} for {Heterogeneous} {Face} {Recognition}},
  volume  = {17},
  doi     = {10.1109/TIFS.2022.3177960},
  journal = {IEEE Transactions on Information Forensics and Security},
  author  = {Luo, Mandi and Wu, Haoxue and Huang, Huaibo and He, Weizan and He, Ran},
  year    = {2022},
  pages   = {2095--2109}
}

@article{nagpal_-group_2023,
  title   = {In-{Group} {Bias} in {Deep} {Learning}-{Based} {Face} {Recognition} {Models} {Due} to {Ethnicity} and {Age}},
  volume  = {4},
  doi     = {10.1109/TTS.2023.3241010},
  number  = {1},
  journal = {IEEE Transactions on Technology and Society},
  author  = {Nagpal, Shruti and Singh, Maneet and Singh, Richa and Vatsa, Mayank and Ratha, Nalini K.},
  year    = {2023},
  pages   = {54--67}
}

@article{kshirsagar_modified_2023,
  title   = {Modified {YOLO} {Module} for {Efficient} {Object} {Tracking} in a {Video}},
  volume  = {21},
  doi     = {10.1109/TLA.2023.10068842},
  number  = {3},
  journal = {IEEE Latin America Transactions},
  author  = {Kshirsagar, Varsha and Bhalerao, Raghavendra Hemant and Chaturvedi, Manish},
  year    = {2023},
  pages   = {389--398}
}

@article{mun_design_2022,
  title   = {Design for {Visitor} {Authentication} {Based} on {Face} {Recognition} {Technology} {Using} {CCTV}},
  volume  = {10},
  doi     = {10.1109/ACCESS.2022.3223374},
  journal = {IEEE Access},
  author  = {Mun, Hyung-Jin and Lee, Min-Hye},
  year    = {2022},
  pages   = {124604--124618}
}

@article{hosny_privacy_2022,
  title   = {Privacy {Protection} in {Surveillance} {Videos} {Using} {Block} {Scrambling}-{Based} {Encryption} and {DCNN}-{Based} {Face} {Detection}},
  volume  = {10},
  doi     = {10.1109/ACCESS.2022.3211657},
  journal = {IEEE Access},
  author  = {Hosny, Khalid M. and Zaki, Mohamed A. and Hamza, Hanaa M. and Fouda, Mostafa M. and Lashin, Nabil A.},
  year    = {2022},
  pages   = {106750--106769}
}

@article{lu_fusion_2022,
  title   = {Fusion of {Multi}-{Intensity} {Image} for {Deep} {Learning}-{Based} {Human} and {Face} {Detection}},
  volume  = {10},
  doi     = {10.1109/ACCESS.2022.3143536},
  journal = {IEEE Access},
  author  = {Lu, Peggy Joy and Chuang, Jen-Hui},
  year    = {2022},
  pages   = {8816--8823}
}

@article{aziz_exploring_2020,
  title   = {Exploring {Deep} {Learning}-{Based} {Architecture}, {Strategies}, {Applications} and {Current} {Trends} in {Generic} {Object} {Detection}: {A} {Comprehensive} {Review}},
  volume  = {8},
  doi     = {10.1109/ACCESS.2020.3021508},
  journal = {IEEE Access},
  author  = {Aziz, Lubna and Haji Salam, Md. Sah Bin and Sheikh, Usman Ullah and Ayub, Sara},
  year    = {2020},
  pages   = {170461--170495}
}

@article{li_chinese_2023,
  title   = {Chinese {Face} {Dataset} for {Face} {Recognition} in an {Uncontrolled} {Classroom} {Environment}},
  volume  = {11},
  doi     = {10.1109/ACCESS.2023.3302919},
  journal = {IEEE Access},
  author  = {Li, Nianfeng and Shen, Xiangfeng and Sun, Liyan and Xiao, Zhiguo and Ding, Tianjiao and Li, Tiansheng and Li, Xinhang},
  year    = {2023},
  pages   = {86963--86976}
}

@article{deng_arcface_2022,
  title   = {{ArcFace}: {Additive} {Angular} {Margin} {Loss} for {Deep} {Face} {Recognition}},
  volume  = {44},
  doi     = {10.1109/TPAMI.2021.3087709},
  number  = {10},
  journal = {IEEE Transactions on Pattern Analysis and Machine Intelligence},
  author  = {Deng, Jiankang and Guo, Jia and Yang, Jing and Xue, Niannan and Kotsia, Irene and Zafeiriou, Stefanos},
  year    = {2022},
  pages   = {5962--5979}
}

@article{bhattacharya_linear_2021,
  title   = {Linear {Cross}-{Modal} {Hash} {Encoding} ({LCMHE}) for {Visual} and {Near}-{Infrared} {Face} {Recognition}},
  volume  = {5},
  doi     = {10.1109/LSENS.2021.3066399},
  number  = {4},
  journal = {IEEE Sensors Letters},
  author  = {Bhattacharya, Shubhobrata},
  year    = {2021},
  pages   = {1--4}
}

@article{hu_domain_2021,
  title   = {Domain {Discrepancy} {Elimination} and {Mean} {Face} {Representation} {Learning} for {NIR}-{VIS} {Face} {Recognition}},
  volume  = {28},
  doi     = {10.1109/LSP.2021.3116861},
  journal = {IEEE Signal Processing Letters},
  author  = {Hu, Weipeng and Hu, Haifeng},
  year    = {2021},
  pages   = {2068--2072}
}

@article{jing_sar_2021,
  title   = {{SAR} image de-noising via grouping-based {PCA} and guided filter},
  volume  = {32},
  doi     = {10.23919/JSEE.2021.000009},
  number  = {1},
  journal = {Journal of Systems Engineering and Electronics},
  author  = {Jing, Fang and Shaohai, Hu and Xiaole, Ma},
  year    = {2021},
  pages   = {81--91}
}

@article{song_similar_2020,
  title   = {Similar {Face} {Recognition} {Using} the {IE}-{CNN} {Model}},
  volume  = {8},
  doi     = {10.1109/ACCESS.2020.2978938},
  journal = {IEEE Access},
  author  = {Song, An-Ping and Hu, Qian and Ding, Xue-Hai and Di, Xin-Yi and Song, Zi-Heng},
  year    = {2020},
  pages   = {45244--45253}
}

@article{abuzneid_enhanced_2018,
  title   = {Enhanced {Human} {Face} {Recognition} {Using} {LBPH} {Descriptor}, {Multi}-{KNN}, and {Back}-{Propagation} {Neural} {Network}},
  volume  = {6},
  doi     = {10.1109/ACCESS.2018.2825310},
  journal = {IEEE Access},
  author  = {Abuzneid, Mohannad A. and Mahmood, Ausif},
  year    = {2018},
  pages   = {20641--20651}
}

@inproceedings{jahan_real_2020,
  address   = {Coimbatore, India},
  title     = {Real {Time} {Face} {Recognition} {System} with {Deep} {Residual} {Network} and {KNN}},
  doi       = {10.1109/ICESC48915.2020.9155579},
  booktitle = {2020 {International} {Conference} on {Electronics} and {Sustainable} {Communication} {Systems} ({ICESC})},
  publisher = {IEEE},
  author    = {Jahan, Nusrat and Bhuiyan, Pranta Kumer and Moon, Parves Ahmed and Akbar, Md. Ali},
  year      = {2020},
  pages     = {1122--1126}
}

@article{alshamlan_effective_2021,
  title   = {An {Effective} {Filter} {Method} {Towards} the {Performance} {Improvement} of {FF}-{SVM} {Algorithm}},
  volume  = {9},
  doi     = {10.1109/ACCESS.2021.3119233},
  journal = {IEEE Access},
  author  = {Alshamlan, Hala M},
  year    = {2021},
  pages   = {140835--140840}
}

@inproceedings{nuruddin_pk_integrated_2020,
  address   = {Chengdu, China},
  title     = {An {Integrated} {Approach} for {Face} {Recognition} {Using} {Multi}-class {SVM}},
  doi       = {10.1109/ICCCBDA49378.2020.9095692},
  booktitle = {2020 {IEEE} 5th {International} {Conference} on {Cloud} {Computing} and {Big} {Data} {Analytics} ({ICCCBDA})},
  publisher = {IEEE},
  author    = {Nuruddin Pk, Abuzar Md. and Ding, Xuewen and Page, Tom},
  year      = {2020},
  pages     = {398--402}
}

@inproceedings{mahesh_smart_2022,
  address   = {Dubai, United Arab Emirates},
  title     = {Smart face detection and recognition in {Pose} variant images using {Alexnet} {CNN} compare accuracy with {SVM}},
  doi       = {10.1109/ICCR56254.2022.9995758},
  booktitle = {2022 {International} {Conference} on {Cyber} {Resilience} ({ICCR})},
  publisher = {IEEE},
  author    = {Mahesh, S. and Ramkuma, G. and Anjaneyulu, K.},
  year      = {2022},
  pages     = {1--4}
}

@article{xia_multiview_2022,
  title   = {Multiview {PCA}: {A} {Methodology} of {Feature} {Extraction} and {Dimension} {Reduction} for {High}-{Order} {Data}},
  volume  = {52},
  doi     = {10.1109/TCYB.2021.3106485},
  number  = {10},
  journal = {IEEE Transactions on Cybernetics},
  author  = {Xia, Zhiming and Chen, Yang and Xu, Chen},
  year    = {2022},
  pages   = {11068--11080}
}

@article{ranjan_hyperface_2019,
  title   = {{HyperFace}: {A} {Deep} {Multi}-{Task} {Learning} {Framework} for {Face} {Detection}, {Landmark} {Localization}, {Pose} {Estimation}, and {Gender} {Recognition}},
  volume  = {41},
  doi     = {10.1109/TPAMI.2017.2781233},
  number  = {1},
  journal = {IEEE Transactions on Pattern Analysis and Machine Intelligence},
  author  = {Ranjan, Rajeev and Patel, Vishal M. and Chellappa, Rama},
  year    = {2019},
  pages   = {121--135}
}

@inproceedings{9914874,
  author    = {Jie, Lucas Chong Wei and Chong, Siew-Chin and Ong, Thian-Song},
  booktitle = {2022 10th International Conference on Information and Communication Technology (ICoICT)},
  title     = {Masked Face recognition Using Support Vector Machine and Convolutional Neural Network},
  year      = {2022},
  volume    = {},
  number    = {},
  pages     = {270-274},
  doi       = {10.1109/ICoICT55009.2022.9914874}
}
