@article{pedro_neto_beyond_2022,
  title   = {Beyond {Masks}: {On} the {Generalization} of {Masked} {Face} {Recognition} {Models} to {Occluded} {Face} {Recognition}},
  volume  = {10},
  doi     = {10.1109/ACCESS.2022.3199014},
  journal = {IEEE Access},
  author  = {Pedro Neto, Pedro C. and Pinto, Joao Ribeiro and Boutros, Fadi and Damer, Naser and Sequeira, Ana F. and Cardoso, Jaime S.},
  year    = {2022},
  pages   = {86222--86233}
}

@article{fu_dvg-face_2022,
  title   = {{DVG}-{Face}: {Dual} {Variational} {Generation} for {Heterogeneous} {Face} {Recognition}},
  volume  = {44},
  doi     = {10.1109/TPAMI.2021.3052549},
  number  = {6},
  journal = {IEEE Transactions on Pattern Analysis and Machine Intelligence},
  author  = {Fu, Chaoyou and Wu, Xiang and Hu, Yibo and Huang, Huaibo and He, Ran},
  year    = {2022},
  pages   = {2938--2952}
}

@article{alansari_ghostfacenets_2023,
  title   = {{GhostFaceNets}: {Lightweight} {Face} {Recognition} {Model} {From} {Cheap} {Operations}},
  volume  = {11},
  doi     = {10.1109/ACCESS.2023.3266068},
  journal = {IEEE Access},
  author  = {Alansari, Mohamad and Hay, Oussama Abdul and Javed, Sajid and Shoufan, Abdulhadi and Zweiri, Yahya and Werghi, Naoufel},
  year    = {2023},
  pages   = {35429--35446}
}

@article{zhao_towards_2022,
  title   = {Towards {Age}-{Invariant} {Face} {Recognition}},
  volume  = {44},
  doi     = {10.1109/TPAMI.2020.3011426},
  number  = {1},
  journal = {IEEE Transactions on Pattern Analysis and Machine Intelligence},
  author  = {Zhao, Jian and Yan, Shuicheng and Feng, Jiashi},
  year    = {2022},
  pages   = {474--487}
}

@article{wang_masked_2023,
  title   = {Masked {Face} {Recognition} {Dataset} and {Application}},
  volume  = {5},
  doi     = {10.1109/TBIOM.2023.3242085},
  number  = {02-04-2023},
  journal = {IEEE},
  author  = {Wang, Zhongyuan and Haung, Baojin and Wang, Guangcheng and Yi, Peng and Jiang, Kui},
  year    = {2023},
  pages   = {298 -- 304}
}

@article{du_towards_2021,
  title   = {Towards {NIR}-{VIS} ({Near}-infrared to visible) {Masked} {Face} {Recognition}},
  volume  = {28},
  doi     = {10.1109/LSP.2021.3071663},
  journal = {IEEE Signal Processing Letters},
  author  = {Du, Hang and Shi, Hailin and Liu, Yinglu and Zeng, Dan and Mei, Tao},
  year    = {2021},
  pages   = {768--772}
}

@article{zhao_consistent_2022,
  title   = {Consistent {Sub}-{Decision} {Network} for {Low}-{Quality} {Masked} {Face} {Recognition}},
  volume  = {29},
  doi     = {10.1109/LSP.2022.3170246},
  journal = {IEEE Signal Processing Letters},
  author  = {Zhao, Weisong and Zhu, Xiangyu and Shi, Haichao and Zhang, Xiao-Yu and Lei, Zhen},
  year    = {2022},
  pages   = {1147--1151}
}

@article{yang_heterogeneous_2022,
  title   = {Heterogeneous {Face} {Recognition} via {Face} {Synthesis} {With} {Identity}-{Attribute} {Disentanglement}},
  volume  = {17},
  doi     = {10.1109/TIFS.2022.3160595},
  journal = {IEEE Transactions on Information Forensics and Security},
  author  = {Yang, Ziming and Liang, Jian and Fu, Chaoyou and Luo, Mandi and Zhang, Xiao-Yu},
  year    = {2022},
  pages   = {1344--1358}
}

@article{liu_heterogeneous_2022,
  title   = {Heterogeneous {Face} {Interpretable} {Disentangled} {Representation} for {Joint} {Face} {Recognition} and {Synthesis}},
  volume  = {33},
  doi     = {10.1109/TNNLS.2021.3071119},
  number  = {10},
  journal = {IEEE Transactions on Neural Networks and Learning Systems},
  author  = {Liu, Decheng and Gao, Xinbo and Peng, Chunlei and Wang, Nannan and Li, Jie},
  year    = {2022},
  pages   = {5611--5625}
}

@article{zhu_webface260m_2023,
  title   = {{WebFace260M}: {A} {Benchmark} for {Million}-{Scale} {Deep} {Face} {Recognition}},
  volume  = {45},
  doi     = {10.1109/TPAMI.2022.3169734},
  number  = {2},
  journal = {IEEE Transactions on Pattern Analysis and Machine Intelligence},
  author  = {Zhu, Zheng and Huang, Guan and Deng, Jiankang and Ye, Yun and Huang, Junjie and Chen, Xinze and Zhu, Jiagang and Yang, Tian and Du, Dalong and Lu, Jiwen and Zhou, Jie},
  year    = {2023},
  pages   = {2627--2644}
}

@article{kim_facial_2023,
  title   = {Facial {Expression} {Recognition} in the {Wild} {Using} {Face} {Graph} and {Attention}},
  volume  = {11},
  doi     = {10.1109/ACCESS.2023.3286547},
  journal = {IEEE Access},
  author  = {Kim, Hyeongjin and Lee, Jong-Ha and Ko, Byoung Chul},
  year    = {2023},
  pages   = {59774--59787}
}

@article{kim_surveillance_2023,
  title   = {Surveillance {System} for {Real}-{Time} {High}-{Precision} {Recognition} of {Criminal} {Faces} {From} {Wild} {Videos}},
  volume  = {11},
  doi     = {10.1109/ACCESS.2023.3282451},
  journal = {IEEE Access},
  author  = {Kim, Hyun-Bin and Choi, Nakhoon and Kwon, Hye-Jeong and Kim, Heeyoul},
  year    = {2023},
  pages   = {56066--56082}
}

@article{yang_face_2020,
  title   = {Face {Recognition} {Attendance} {System} {Based} on {Real}-{Time} {Video} {Processing}},
  volume  = {8},
  doi     = {10.1109/ACCESS.2020.3007205},
  journal = {IEEE Access},
  author  = {Yang, Hao and Han, Xiaofeng},
  year    = {2020},
  pages   = {159143--159150}
}

@article{luevano_study_2021,
  title   = {A {Study} on the {Performance} of {Unconstrained} {Very} {Low} {Resolution} {Face} {Recognition}: {Analyzing} {Current} {Trends} and {New} {Research} {Directions}},
  volume  = {9},
  doi     = {10.1109/ACCESS.2021.3080712},
  journal = {IEEE Access},
  author  = {Luevano, Luis S. and Chang, Leonardo and Heydi Mendez-Vazquez, Heydi and Martinez-Diaz, Yoanna and Gonzalez-Mendoza, Miguel},
  year    = {2021},
  pages   = {75470--75493}
}

@article{nguyen_master_2022,
  title   = {Master {Face} {Attacks} on {Face} {Recognition} {Systems}},
  volume  = {4},
  doi     = {10.1109/TBIOM.2022.3166206},
  number  = {3},
  journal = {IEEE Transactions on Biometrics, Behavior, and Identity Science},
  author  = {Nguyen, Huy H. and Marcel, Sebastien and Yamagishi, Junichi and Echizen, Isao},
  year    = {2022},
  pages   = {398--411}
}

@article{wanyonyi_open-source_2022,
  title   = {Open-{Source} {Face} {Recognition} {Frameworks}: {A} {Review} of the {Landscape}},
  volume  = {10},
  doi     = {10.1109/ACCESS.2022.3170037},
  journal = {IEEE Access},
  author  = {Wanyonyi, David and Celik, Turgay},
  year    = {2022},
  pages   = {50601--50623}
}

@article{kim_face_2022,
  title   = {Face {Shape}-{Guided} {Deep} {Feature} {Alignment} for {Face} {Recognition} {Robust} to {Face} {Misalignment}},
  volume  = {4},
  doi     = {10.1109/TBIOM.2022.3213845},
  number  = {4},
  journal = {IEEE Transactions on Biometrics, Behavior, and Identity Science},
  author  = {Kim, Hyung-Il and Yun, Kimin and Ro, Yong Man},
  year    = {2022},
  pages   = {556--569}
}

@article{terhorst_pixel-level_2023,
  title   = {Pixel-{Level} {Face} {Image} {Quality} {Assessment} for {Explainable} {Face} {Recognition}},
  volume  = {5},
  doi     = {10.1109/TBIOM.2023.3263186},
  number  = {2},
  journal = {IEEE Transactions on Biometrics, Behavior, and Identity Science},
  author  = {Terh√∂rst, Philipp and Huber, Marco and Damer, Naser and Kirchbuchner, Florian and Raja, Kiran and Kuijper, Arjan},
  year    = {2023},
  pages   = {288--297}
}

@article{ullah_real-time_2022,
  title    = {A {Real}-{Time} {Framework} for {Human} {Face} {Detection} and {Recognition} in {CCTV} {Images}},
  volume   = {2022},
  doi      = {10.1155/2022/3276704},
  language = {en},
  journal  = {Mathematical Problems in Engineering},
  author   = {Ullah, Rehmat and Hayat, Hassan and Siddiqui, Afsah Abid and Siddiqui, Uzma Abid and Khan, Jebran and Ullah, Farman and Hassan, Shoaib and Hasan, Laiq and Albattah, Waleed and Islam, Muhammad and Karami, Ghulam Mohammad},
  editor   = {Ali, Nouman},
  year     = {2022},
  pages    = {1--12}
}

@article{kim_system_2015,
  title    = {System {Architecture} for {Real}-{Time} {Face} {Detection} on {Analog} {Video} {Camera}},
  volume   = {11},
  doi      = {10.1155/2015/251386},
  language = {en},
  number   = {5},
  journal  = {International Journal of Distributed Sensor Networks},
  author   = {Kim, Mooseop and Lee, Deokgyu and Kim, Ki-Young},
  year     = {2015},
  pages    = {251386}
}


@inproceedings{wang_yolov5s-face_2022,
  address   = {Xiamen, China},
  title     = {{YOLOV5s}-{Face} face detection algorithm},
  doi       = {10.1109/CAC57257.2022.10054674},
  booktitle = {2022 {China} {Automation} {Congress} ({CAC})},
  publisher = {IEEE},
  author    = {Wang, Yongwang and Pan, Lian},
  year      = {2022},
  pages     = {1107--1112}
}

@inproceedings{sumanto_viola-jones_2022,
  address   = {Yogyakarta, Indonesia},
  title     = {Viola-{Jones} {Algorithm} for {Face} {Detection} using {Wider} {Face} {Dataset}},
  doi       = {10.1109/CITSM56380.2022.9935830},
  booktitle = {2022 10th {International} {Conference} on {Cyber} and {IT} {Service} {Management} ({CITSM})},
  publisher = {IEEE},
  author    = {{Sumanto} and Wijonarko, Bambang and Qommarudin, Muhammad and Sudibyo, Aji and Widodo, Pudji and Lukman, Afit Muhammad},
  year      = {2022},
  pages     = {1--4}
}

@inproceedings{chan_face_2022,
  address   = {Miri Sarawak, Malaysia},
  title     = {Face {Detection} in {Still} {Image} using {SSD} {MobileNet} {V2} and {Geometrical} {Algorithm}},
  doi       = {10.1109/GECOST55694.2022.10010635},
  booktitle = {2022 {International} {Conference} on {Green} {Energy}, {Computing} and {Sustainable} {Technology} ({GECOST})},
  publisher = {IEEE},
  author    = {Chan, Aifian Adi Sufian and Abdullah, M.F.L and Mustam, Saizalmursidi Md and Poad, Farhana Ahman and Joret, Ariffuddin},
  year      = {2022},
  pages     = {227--231}
}

@inproceedings{rani_face_2022,
  address   = {Greater Noida, India},
  title     = {Face {Detection}: {A} review},
  doi       = {10.1109/ICAC3N56670.2022.10074316},
  booktitle = {2022 4th {International} {Conference} on {Advances} in {Computing}, {Communication} {Control} and {Networking} ({ICAC3N})},
  publisher = {IEEE},
  author    = {Rani, Shikha and Jeba Das, Dr. G},
  year      = {2022},
  pages     = {2330--2334}
}

@article{ming_group_2022,
  title   = {Group {Sampling} for {Scale} {Invariant} {Face} {Detection}},
  volume  = {44},
  doi     = {10.1109/TPAMI.2020.3012414},
  number  = {2},
  journal = {IEEE Transactions on Pattern Analysis and Machine Intelligence},
  author  = {Ming, Xiang and Wei, Fangyun and Zhang, Ting and Chen, Dong and Zheng, Nanning and Wen, Fang},
  year    = {2022},
  pages   = {985--1001}
}

@article{farooq_hybrid_2021,
  title   = {A {Hybrid} {Algorithm} for {Face} {Detection} to {Avoid} {Racial} {Inequity} {Due} to {Dark} {Skin}},
  volume  = {9},
  doi     = {10.1109/ACCESS.2021.3122870},
  journal = {IEEE Access},
  author  = {Farooq, Muhammad Shoaib and Abbas, Syed Sarmad and Abid, Adnan and Rasheed, Saim},
  year    = {2021},
  pages   = {145109--145114}
}

@article{qi_real-time_2023,
  title   = {A {Real}-{Time} {Face} {Detection} {Method} {Based} on {Blink} {Detection}},
  volume  = {11},
  doi     = {10.1109/ACCESS.2023.3257986},
  journal = {IEEE Access},
  author  = {Qi, Hui and Wu, Chenxu and Shi, Ying and Qi, Xiaobo and Duan, Kaige and Wang, Xiaobin},
  year    = {2023},
  pages   = {28180--28189}
}

@article{bisogni_pifs_2022,
  title   = {{PIFS} {Scheme} for {HEad} {Pose} {Estimation} {Aimed} at {Faster} {Face} {Recognition}},
  volume  = {4},
  doi     = {10.1109/TBIOM.2021.3122307},
  number  = {2},
  journal = {IEEE Transactions on Biometrics, Behavior, and Identity Science},
  author  = {Bisogni, Carmen and Nappi, Michele and Pero, Chiara and Ricciardi, Stefano},
  year    = {2022},
  pages   = {173--184}
}

@article{alqahtani_3d_2020,
  title   = {{3D} {Face} {Tracking} {Using} {Stereo} {Cameras}: {A} {Review}},
  volume  = {8},
  doi     = {10.1109/ACCESS.2020.2994283},
  journal = {IEEE Access},
  author  = {Alqahtani, Faleh and Banks, Jasmine and Chandran, Vinod and Zhang, Jinglan},
  year    = {2020},
  pages   = {94373--94393}
}

@article{barquero_rank-based_2021,
  title   = {Rank-{Based} {Verification} for {Long}-{Term} {Face} {Tracking} in {Crowded} {Scenes}},
  volume  = {3},
  doi     = {10.1109/TBIOM.2021.3099568},
  number  = {4},
  journal = {IEEE Transactions on Biometrics, Behavior, and Identity Science},
  author  = {Barquero, German and Hupont, Isabelle and Fernandez Tena, Carles},
  year    = {2021},
  pages   = {495--505}
}

@article{ren_cross-camera_2021,
  title   = {A {Cross}-{Camera} {Multi}-{Face} {Tracking} {System} {Based} on {Double} {Triplet} {Networks}},
  volume  = {9},
  doi     = {10.1109/ACCESS.2021.3061572},
  journal = {IEEE Access},
  author  = {Ren, Guoyin and Lu, Xiaoqi and Li, Yuhao},
  year    = {2021},
  pages   = {43759--43774}
}

@article{kang_real-time_2021,
  title   = {Real-{Time} {Eye} {Tracking} for {Bare} and {Sunglasses}-{Wearing} {Faces} for {Augmented} {Reality} {3D} {Head}-{Up} {Displays}},
  volume  = {9},
  doi     = {10.1109/ACCESS.2021.3110644},
  journal = {IEEE Access},
  author  = {Kang, Dongwoo and Ma, Lin},
  year    = {2021},
  pages   = {125508--125522}
}

