@ieeetranbstctl{BSTSettings,
  ctluse_forced_etal       = {yes},
  ctlmax_names_forced_etal = {6},
  ctlnames_show_etal       = {1},
  ctldash_repeated_names   = {no}
}